%@ARTICLE{vakbib1,
%  author = {Фамилия, И. О.},
%  addendum = {(0,28~п.~л.)},
%  title = {Название статьи},
%  journal = {Журнал},
%  year = {2013},
%  volume = {1},
%  number = {5},
%  pages = {100--120},
%  language = {russian},
%}
%
%@ARTICLE{vakbib2,
%  author = {Фамилия, И. О. and Соавтор, И. О. },
%  addendum = {(0,33~п.~л.~/ 0,28~п.~л.)},
%  title = {Название статьи},
%  journal = {Журнал},
%  year = {2014},
%  volume = {1},
%  number = {5},
%  pages = {100--120},
%  language = {russian},
%}

@article{izmailov2018scalable,
  title={Scalable Gaussian Processes with Billions of Inducing Inputs via Tensor Train Decomposition},
  author={Izmailov, Pavel and Novikov, Alexander and Kropotov, Dmitry},
  journal={The 21st International Conference on Artificial Intelligence and Statistics (AISTATS 2018)},
  year={2018}
}

@inproceedings{novikov2014putting,
  author={A. Novikov and A. Rodomanov and A. Osokin and D. Vetrov},
  title={Putting {MRF}s on a {T}ensor {T}rain},
  booktitle={International Conference on Machine Learning (ICML)},
  pages={811--819},
  year={2014}
}
@inproceedings{novikov2015,
  title={Tensorizing neural networks},
  author={Novikov, A. and Podoprikhin, D. and Osokin, A. and Vetrov, D.},
  booktitle={Advances in Neural Information Processing Systems},
  pages={442--450},
  year={2015}
}