% ГОСТ Р 7.0.11-2011, Приложение Б, Книги

@article{Steinlechner2016,
author = {Steinlechner, Michael Maximilian},
file = {:Users/alex/Downloads/EPFL{\_}TH6958.pdf:pdf},
journal = {PhD Thesis},
title = {{Riemannian Optimization for Solving High-Dimensional Problems with Low-Rank Tensor Structure}},
url = {https://infoscience.epfl.ch/record/217938/files/EPFL{\_}TH6958.pdf},
volume = {6958},
year = {2016}
}


@inproceedings{titsias2009,
  title={Variational Learning of Inducing Variables in Sparse Gaussian Processes.},
  author={Titsias, M. K.},
  booktitle={AISTATS},
  volume={5},
  pages={567--574},
  year={2009}
}

@inproceedings{hensman2013,
  title={Gaussian processes for Big data},
  author={Hensman, J. and Fusi, N. and Lawrence, N. D.},
  booktitle={Proceedings of the Twenty-Ninth Conference on Uncertainty in Artificial Intelligence},
  pages={282--290},
  year={2013},
  organization={AUAI Press}
}

@inproceedings{hensman2015,
  title={Scalable Variational Gaussian Process Classification.},
  author={Hensman, J. and Matthews, A. G. de G. and Ghahramani, Z.},
  booktitle={AISTATS},
  year={2015}
}

@article{candela2005,
  title={A unifying view of sparse approximate Gaussian process regression},
  author={Qui{\~n}onero-Candela, J. and Rasmussen, C. E.},
  journal={Journal of Machine Learning Research},
  volume={6},
  number={Dec},
  pages={1939--1959},
  year={2005}
}

@article{snelson2006,
  title={Sparse Gaussian processes using pseudo-inputs},
  author={Snelson, E. and Ghahramani, Z.},
  journal={Advances in neural information processing systems},
  volume={18},
  pages={1257},
  year={2006},
  publisher={MIT; 1998}
}

@inproceedings{wilson2015,
  title={Kernel interpolation for scalable structured Gaussian processes (KISS-GP)},
  author={Wilson, A. G. and Nickisch, H.},
  booktitle={International Conference on Machine Learning},
  pages={1775--1784},
  year={2015}
}

@inproceedings{wilson2014,
  title={Fast kernel learning for multidimensional pattern extrapolation},
  author={Wilson, Andrew and Gilboa, Elad and Cunningham, John P and Nehorai, Arye},
  booktitle={Advances in Neural Information Processing Systems},
  pages={3626--3634},
  year={2014}
}

@inproceedings{titsias2009,
  title={Variational Learning of Inducing Variables in Sparse Gaussian Processes.},
  author={Titsias, M. K.},
  booktitle={AISTATS},
  volume={5},
  pages={567--574},
  year={2009}
}

@inproceedings{williams2000,
  title={Using the Nystr{\"o}m method to speed up kernel machines},
  author={Williams, C. K. I. and Seeger, M.},
  booktitle={Proceedings of the 13th International Conference on Neural Information Processing Systems},
  pages={661--667},
  year={2000},
  organization={MIT press}
}

@article{oseledets2011,
  title={Tensor-train decomposition},
  author={Oseledets, I. V.},
  journal={SIAM Journal on Scientific Computing},
  volume={33},
  number={5},
  pages={2295--2317},
  year={2011},
  publisher={SIAM}
}

@inproceedings{wilson2016deep,
  title={Deep kernel learning},
  author={Wilson, A. G. and Hu, Z. and Salakhutdinov, R. and Xing, E. P.},
  booktitle={Proceedings of the 19th International Conference on Artificial Intelligence and Statistics},
  pages={370--378},
  year={2016}
}

@inproceedings{wilson2016stochastic,
  title={Stochastic Variational Deep Kernel Learning},
  author={Wilson, A. G. and Hu, Z. and Salakhutdinov, R. and Xing, E. P.},
  booktitle={Advances in Neural Information Processing Systems},
  pages={2586--2594},
  year={2016}
}

@misc{rasmussen2006,
  title={Gaussian processes for machine learning},
  author={Rasmussen, C. E. and Williams, C. K. I.},
  year={2006},
  publisher={MIT Press}
}

@phdthesis{saatci2012,
  title={Scalable inference for structured Gaussian process models},
  author={Saat\c{c}i, Y.},
  year={2012},
  school={University of Cambridge}
}

@article{keys1981,
  title={Cubic convolution interpolation for digital image processing},
  author={Keys, R.},
  journal={IEEE transactions on acoustics, speech, and signal processing},
  volume={29},
  number={6},
  pages={1153--1160},
  year={1981},
  publisher={IEEE}
}

@article{silverman1985,
  title={Some aspects of the spline smoothing approach to non-parametric regression curve fitting},
  author={Silverman, B. W.},
  journal={Journal of the Royal Statistical Society. Series B (Methodological)},
  pages={1--52},
  year={1985},
  publisher={JSTOR}
}




@inproceedings{bouchard2007,
  title={Efficient bounds for the softmax function and applications to approximate inference in hybrid models},
  author={Bouchard, G.},
  booktitle={NIPS 2007 workshop for approximate Bayesian inference in continuous/hybrid systems},
  year={2007}
}

@inproceedings{ioffe2015,
  title={Batch Normalization: Accelerating Deep Network Training by Reducing Internal Covariate Shift},
  author={Ioffe, S. and Szegedy, C.},
  booktitle={Proceedings of the 32nd International Conference on Machine Learning (ICML-15)},
  pages={448--456},
  year={2015}
}

@ARTICLE{GPflow2016,
   author = {Matthews, A. G. de G. and {van der Wilk}, M. and Nickson, T. and 
	Fujii, K. and {Boukouvalas}, A. and {Le{\'o}n-Villagr{\'a}}, P. and 
	Ghahramani, Z. and Hensman, J.},
    title = "{{GP}flow: A {G}aussian process library using {T}ensor{F}low}",
  journal = {arXiv preprint 1610.08733},
     year = 2016,
    month = oct
}

@article{cutajar2016,
  title={Practical Learning of Deep Gaussian Processes via Random Fourier Features},
  author={Cutajar, K. and Bonilla, E. V. and Michiardi, P. and Filippone, M.},
  journal={arXiv preprint arXiv:1610.04386},
  year={2016}
}

@article{krizhevsky2009,
  title={Learning multiple layers of features from tiny images},
  author={Krizhevsky, A.},
  year={2009},
  publisher={Citeseer}
}

@article{lecun1998,
  title={Gradient-based learning applied to document recognition},
  author={LeCun, Y. and Bottou, L. and Bengio, Y. and Haffner, P.},
  journal={Proceedings of the IEEE},
  volume={86},
  number={11},
  pages={2278--2324},
  year={1998},
  publisher={IEEE}
}

@article{nickson2015,
  title={Blitzkriging: Kronecker-structured Stochastic Gaussian Processes},
  author={Nickson, T. and Gunter, T. and Lloyd, C. and Osborne, M. A. and 
    Roberts, S.},
  journal={arXiv preprint arXiv:1510.07965},
  year={2015}
}

@article{bratieres2015,
  title={GPstruct: Bayesian structured prediction using Gaussian processes},
  author={Bratieres, S. and Quadrianto, N. and Ghahramani, Z.},
  journal={IEEE transactions on pattern analysis and machine intelligence},
  volume={37},
  number={7},
  pages={1514--1520},
  year={2015},
}


@Article{rumelhart1986,
  author =   {D. E. Rumelhart and G. E. Hinton and R. J. Williams},
  title =    {Learning representations by back-propagating errors},
  journal =  {Nature},
  year =     {1986},
  volume =   {323},
  number =   {6088},
  pages =    {533–-536},
}

@inproceedings{simonyan15,
    author    = {K. Simonyan and A. Zisserman},
    title     = {Very Deep Convolutional Networks for Large-Scale Image Recognition},
    year      = {2015},
    booktitle     = {International Conference on Learning Representations (ICLR)},
}

@Article{oseledets2011ttMain,
  author =   {I. V. Oseledets},
  title =    {{T}ensor-{T}rain Decomposition},
  journal =  {SIAM J. Scientific Computing},
  year =     {2011},
  volume =   {33},
  number =   {5},
  pages =    {2295--2317},
}

@incollection{Jimmy2014lowRankSNN,
  title = {Do Deep Nets Really Need to be Deep?},
  author = {J. Ba and R. Caruana},
  booktitle = {Advances in Neural Information Processing Systems 27 (NIPS)},
  pages = {2654--2662},
  year = {2014},
}

@article{matconvnet,
     author    = {A. Vedaldi and K. Lenc},
     title     = {{MatConvNet} -- Convolutional Neural Networks for {MATLAB}},
     journal   = {CoRR},
     volume    = {abs/1412.4564},
     year      = {2014},
}

@misc{lecun1998mnist,
  author={Y. LeCun and C. Cortes and C. J. C. Burges},
  title={The {MNIST} database of handwritten digits},
  year={1998}
}

@inproceedings{chen2015compressing,
  author={W. Chen and J. T. Wilson and S. Tyree and K. Q. Weinberger and Y. Chen},
  title={Compressing Neural Networks with the Hashing Trick},
  booktitle={International Conference on Machine Learning (ICML)},
  pages={2285--2294},
  year={2015}
}

@incollection{Denil2013predicting,
    author = {M. Denil and B. Shakibi and L. Dinh and M. Ranzato and N. de Freitas},
    title = {Predicting Parameters in Deep Learning},
    booktitle = {Advances in Neural Information Processing Systems 26 (NIPS)},
    pages = {2148--2156},
    year = {2013},
}

@article{yang2014deep,
  author={Z. Yang and M. Moczulski and M. Denil and N. de Freitas and A. Smola and L. Song and Z. Wang},
  title={Deep Fried Convnets},
  journal={{arXiv} preprint},
  number = {1412.7149},
  year={2014}
}

@inproceedings{lebedev2014speeding,
  author={V. Lebedev and Y. Ganin and M. Rakhuba and I. Oseledets and V. Lempitsky},
  title={Speeding-up Convolutional Neural Networks Using Fine-tuned {CP}-Decomposition},
  booktitle={International Conference on Learning Representations (ICLR)},
  year={2014}
}

@article{zhang2015accelerating,
  author={X. Zhang and J. Zou and K. He and J. Sun},
  title={Accelerating Very Deep Convolutional Networks for Classification and Detection},
  journal={{arXiv} preprint},
  number = {1505.06798},
  year={2015}
}


@incollection{Krizhevsky2012AlexNet,
    author = {A. Krizhevsky and I. Sutskever and G. E. Hinton},
    title = {ImageNet Classification with Deep Convolutional Neural Networks},
    booktitle = {Advances in Neural Information Processing Systems 25 (NIPS)},
    pages = {1097--1105},
    year = {2012},
}

@article{Russakovsky2015ImageNet,
    Author = {O. Russakovsky and J. Deng and H. Su and J. Krause and S. Satheesh and S. Ma and Z. Huang and A. Karpathy and A. Khosla and M. Bernstein and A. C. Berg and L. Fei-Fei},
    Title = {ImageNet Large Scale Visual Recognition Challenge},
    Year = {2015},
    journal   = {International Journal of Computer Vision (IJCV)},
}

@inproceedings{girshick2014rcnn,
  author={R. Girshick and J. Donahue and T. Darrell and J. Malik},
  title={Rich feature hierarchies for accurate object detection and semantic segmentation},
  booktitle={Proceedings of IEEE Conference on Computer Vision and Pattern Recognition (CVPR)},
  pages={580--587},
  year={2014},
}

@mastersthesis{krizhevsky2009Cifar,
  author={A. Krizhevsky},
  title={Learning multiple layers of features from tiny images},
  school={Computer Science Department, University of Toronto},
  year={2009},
}

@inproceedings{song13,
    author    = {L. Song and M. Ishteva and A. Parikh and E. Xing and H. Park},
    title     = {Hierarchical tensor decomposition of latent tree graphical models},
    booktitle = {International Conference on Machine Learning (ICML)},
    pages     = {334--342},
    year      = {2013},
}
@incollection{Denil2014speedup,
    author = {E. Denton and W. Zaremba and J, Bruna and Y. LeCun and R. Fergus},
    title = {Exploiting Linear Structure Within Convolutional Networks for Efficient Evaluation},
    booktitle = {Advances in Neural Information Processing Systems 27 (NIPS)},
    pages = {1269--1277},
    year = {2014},
}

@inproceedings{Gupta2015floatingPoint,
  author    = {S. Gupta and A.  Agrawal and K. Gopalakrishnan and P. Narayanan},
  title     = {Deep Learning with Limited Numerical Precision},
  booktitle = {International Conference on Machine Learning (ICML)},
  pages = {1737--1746},
  year      = {2015},
}

@inproceedings{goodfellow2013maxout,
  title={Maxout networks},
  author={I. J. Goodfellow and D. Warde-Farley and M. Mirza and A. Courville and Y. Bengio},
  booktitle = {International Conference on Machine Learning (ICML)},
  pages = {1319--1327},
  year = {2013}
}
@article{cybenko1989universalApproximator,
  title={Approximation by superpositions of a sigmoidal function},
  author={G. Cybenko},
  journal={Mathematics of control, signals and systems},
  pages={303--314},
  year={1989},
}
@article{gong2014PQcompressing,
  title={Compressing Deep Convolutional Networks using Vector Quantization},
  author={Y. Gong and L. Liu and M. Yang and L. Bourdev},
  journal={{arXiv} preprint},
  number = {1412.6115},
  year={2014},
}
@article{hochreiter1997LSTM,
  title={Long short-term memory},
  author={S. Hochreiter and J. Schmidhuber},
  journal={Neural computation},
  pages={1735--1780},
  year={1997},
}

@inproceedings{snoek2012cifarQuick,
  title={Practical Bayesian optimization of machine learning algorithms},
  author={J. Snoek and H. Larochelle and R. P. Adams},
  booktitle = {Advances in Neural Information Processing Systems 25 (NIPS)},
  pages={2951--2959},
  year={2012}
}

@article{gilboa2012gp,
  title={Scaling Multidimensional Inference for Structured Gaussian Processes},
  author={E. Gilboa and Y. Saatçi and J. P. Cunningham},
  journal={{arXiv} preprint},
  number = {1209.4120},
  year={2012}
}

@inproceedings{wang2015vq,
  title        = {Small-footprint high-performance deep neural network-based speech recognition using split-{VQ}},
  author       = {Y. Wang and J. Li and Y. Gong},
  booktitle    = {International Conference of Acoustics, Speech, and Signal Processing (ICASSP)},
  pages        = {4984--4988},
  year         = {2015},
}

@inproceedings{sainath2013low,
  title={Low-rank matrix factorization for deep neural network training with high-dimensional output targets},
  author={T. N. Sainath and B. Kingsbury and V. Sindhwani and E. Arisoy and B. Ramabhadran},
  booktitle={International Conference of Acoustics, Speech, and Signal Processing (ICASSP)},
  pages={6655--6659},
  year={2013},
}

@inproceedings{xue2013restructuring,
  title={Restructuring of deep neural network acoustic models with singular value decomposition},
  author={J. Xue and J. Li and Y. Gong},
  booktitle={Interspeech},
  pages={2365--2369},
  year={2013}
}

@techreport{asanovic1991experimental,
  title={Experimental determination of precision requirements for back-propagation training of artificial neural networks},
  author={K. Asanović and N. Morgan},
  year={1991},
  institution={International Computer Science Institute}
}




@inproceedings{cohen2016expressive,
  title={On the expressive power of deep learning: {A} tensor analysis},
  author={Cohen, Nadav and Sharir, Or and Shashua, Amnon},
  booktitle={Conference on Learning Theory},
  pages={698--728},
  year={2016}
}


@techreport{khoromskij2010dmrg,
  author = {Khoromskij, B. N. and Oseledets, I. V.},
  title = {{DMRG+QTT} approach to computation of the ground state for the molecular {Schr\"odinger} operator},
  type = {Preprint},
  number = {69},
  institution = {MPI MIS},
  address = {Leipzig},
  year = {2010},
}

@article{tsochantaridis05ssvm,
    author    = {I. Tsochantaridis and T. Joachims and T. Hofmann and Y. Altun},
    title     = { Large Margin Methods for Structured and Interdependent Output Variables},
    journal   = {Journal of Machine Learning Research (JMLR)},
    year      = 2005,
    volume    = {6},
    pages     = {1453--1484},
  }

 @inproceedings{taskar03m3n,
 author    = {B. Taskar and C. Guestrin and D. Koller},
 title     = {{M}ax-{M}argin {M}arkov Networks},
 year      = {2003},
 booktitle     = {Neural Information Processing Systems (NIPS)},
 }

@article{kolmogorov06trws,
    author    = {V. Kolmogorov},
    title     = {Convergent Tree-reweighted Message Passing for Energy Minimization},
    journal   = { IEEE Transactions on Pattern Analysis and Machine Intelligence (PAMI)},
    year      = 2006,
    volume    = {28},
    number = {10},
    pages     = {1568--1583},
  }

@article{kschischang01bp,
    author    = {F. R. Kschischang and B. J. Frey and H.-A. Loeliger},
    title     = {Factor Graphs and the Sum-Product Algorithm},
    journal   = {IEEE Transactions on Information Theory},
    year      = 2001,
    volume    = {47},
    number = {2},
    pages     = {498--519},
  }

@inproceedings{minka04treeep,
 author    = {T. Minka and Y. Qi},
 title     = {Tree-structured Approximations by Expectation Propagation},
 year      = {2004},
 booktitle     = {Neural Information Processing Systems (NIPS)},
 }
 
@article{wainwright08gm,
    author    = {M. J. Wainwright and M. I. Jordan },
    title     = {Graphical models, exponential families, and variational inference},
    journal   = {Foundations and Trends in Machine Learning},
    year      = 2008,
    volume    = {1},
    number = {1--2},
    pages     = {1--305},
  }

@article{mooij10libdai,
    author    = {J. M. Mooij},
    title     = {lib{DAI}: A Free and Open Source {C++} Library for Discrete Approximate Inference in Graphical Models},
    journal   = {Journal of Machine Learning Research},
    year      = 2010,
    month     = Aug,
    volume    = 11,
    pages     = {2169--2173},
  }

 @article{neal01ais,
  author = {R. Neal},
  title = {Annealed importance sampling},
  journal = {Statistics and Computing},
  pages = {125--139},
  year = {2001},
  volume = {11},
 }
 
@article{yedidia05lbp,
  author = {Yedidia, J. S. and Freeman, W.T. and Weiss, Y.},
  title = {Constructing free-energy approximations and generalized belief propagation algorithms},
  journal = {IEEE Transactions on Information Theory},
  pages = {2282--2312},
  year = {2005},
  volume = {51},
  number = {7},
 } 

@article{wainwright05trw,
  author = {Wainwright, M. J. and Jaakkola, T. and Willsky, A. S.},
  title = {A new class of upper bounds on the log partition function},
  journal = {IEEE Transactions on Information Theory},
  pages = {2313--2335},
  year = {2005},
  volume = {51},
  number = {7},
 } 
 
@inproceedings{domke11,
 author    = {J. Domke},
 title     = {Dual Decomposition for Marginal Inference},
 year      = {2011},
 booktitle     = {Proceedings of the 25th AAAI Conference on Artificial Intelligence (AAAI)},
 }

@inproceedings{ermon12partition,
 author    = {S. Ermon and C. Gomes and A. Sabharwal and B. Selman},
 title     = {Density Propagation and Improved Bounds on the Partition Function},
 year      = {2012},
 booktitle     = {Neural Information Processing Systems (NIPS)},
 }

@inproceedings{hazan13,
 author    = {T. Hazan and S. Maji and T. Jaakkola},
 title     = {On sampling from the {G}ibbs distribution with random maximum a posteriori perturbations},
 year      = {2013},
 booktitle     = {Neural Information Processing Systems (NIPS)},
 }

@inproceedings{ermon13wish,
 author    = {S. Ermon and C. Gomes and A. Sabharwal and B. Selman},
 title     = {Taming the Curse of Dimensionality: Discrete Integration by Hashing and Optimization},
 year      = {2013},
 booktitle     = {International Conference on Machine Learning (ICML)},
 }

@inproceedings{grosse13,
 author    = {R. Grosse and C. Maddison and R. Salakhutdinov },
 title     = {Annealing between Distributions by Averaging Moments},
 year      = {2013},
 booktitle     = {Neural Information Processing Systems (NIPS)},
 }

@INPROCEEDINGS{Kappes13comparison,
  AUTHOR =       {J. Kappes and B. Andres and F. Hamprecht and C. Schnoerr and S. Nowozin and D. Batra and S. Kim and B. Kausler and J. Lellmann and N. Komodakis and C. Rother},
  TITLE =        {A Comparative Study of Modern Inference Techniques for Discrete Energy Minimization Problems},
  BOOKTITLE =    {IEEE Conference on Computer Vision and Pattern Recognition (CVPR)},
  YEAR =         {2013},
Language = {english},
}

@inproceedings{ishteva13,
 author    = {M. Ishteva and H. Park and and L. Song},
 title     = {Unfolding latent tree structures using 4th order tensors},
 year      = {2013},
 booktitle     = {International Conference on Machine Learning (ICML)},
 }

@inproceedings{song13,
 author    = {L. Song and M. Ishteva and A. Parikh and E. Xing and H. Park},
 title     = {Hierarchical tensor decomposition of latent tree graphical models},
 year      = {2013},
 booktitle     = {International Conference on Machine Learning (ICML)},
 }

@inproceedings{jernite13,
 author    = {Y. Jernite and Y. Halpern and D. Sontag},
 title     = {Discovering Hidden Variables in Noisy-Or Networks using Quartet Tests},
 year      = {2013},
 booktitle     = {Neural Information Processing Systems (NIPS)},
 }

@inproceedings{werner08,
 author    = {T. Werner},
 title     = {High-arity Interactions, Polyhedral Relaxations, and Cutting Plane Algorithm for Soft Constraint Optimisation ({MAP-MRF})},
 year      = {2008},
 booktitle     = {Proceedings of IEEE Conference on Computer Vision and Pattern Recognition (CVPR)},
 }


@article{grasedyck10hierahical,
  author = { L. Grasedyck},
  title = {Hierarchical singular value decomposition of tensors},
  journal = {SIAM J. Matrix Anal. Appl.},
  pages = {2029--2054},
  year = {2010},
  volume = {31},
 } 
 
@article{hackbush09hierahical,
  author = { W. Hackbusch and S. K\"{u}hn},
  title = {A new scheme for the tensor representation},
  journal = {J. Fourier Anal. Appl.},
  pages = {706--722},
  year = {2009},
  volume = {15},
 } 

@article{Oseledets09hierahical,
  author = {I. V. Oseledets and E. E. Tyrtyshnikov},
  title = {Breaking the curse of dimensionality, or how to use {SVD} in many dimensions},
  journal = {SIAM J. Sci. Comput.},
  pages = {3744-3759},
  year = {2009},
  volume = {31},
 } 

@article{caroll70,
  author = {J. D. Caroll and J. J. Chang},
  title = {Analysis of individual differences in multidimensional scaling via n-way generalization of {E}ckart-{Y}oung decomposition},
  journal = {Psychometrika},
  pages = {283--319},
  year = {1970},
  volume = {35},
 } 


@article{tucker66,
  author = {L. R. Tucker},
  title = {Some mathematical notes on three-mode factor analysis},
  journal = {Psychometrika},
  pages = {279--311},
  year = {1966},
  volume = {31},
  number = {3},
 } 
 
 @techreport{dolgov2013amenCross,
  author = {Dolgov, S. V. and Savostyanov, D. V.},
  title = {Alternating minimal energy methods for linear systems in higher dimensions. {Part II}: {Faster} algorithm and application to nonsymmetric systems},
  type = {{arXiv} preprint},
  number = {1304.1222},
  year = {2013},
  }

@article{oseledets2011linAlgebra,
  author = {Oseledets, I. V.},
  title = {{DMRG} approach to fast linear algebra in the {TT}--format},
  journal = {Comput. Meth. Appl. Math.},
  pages = {382--393},
  year = {2011},
  volume = {11},
  number = {3},
 }

@inproceedings{savostyanov2011dmrg,
  author = {Savostyanov, D. V. and Oseledets, I. V.},
  title = {Fast adaptive interpolation of multi-dimensional arrays in tensor train format},
  booktitle = {Proceedings of 7th International Workshop on Multidimensional Systems (nDS)},
  institution = {University of Poitiers, France},
  year = {2011},
}

@Article{oseledets2011ttMain,
  author = 	 {I. V. Oseledets},
  title = 	 {{T}ensor-{T}rain Decomposition},
  journal =	 {SIAM J. Scientific Computing},
  year =	 {2011},
  volume =	 {33},
  number =	 {5},
  pages =	 {2295--2317},
}

@inproceedings{langley00,
 author    = {P. Langley},
 title     = {Crafting Papers on Machine Learning},
 year      = {2000},
 pages     = {1207--1216},
 editor    = {Pat Langley},
 booktitle     = {Proceedings of the 17th International Conference
              on Machine Learning (ICML 2000)},
 address   = {Stanford, CA},
 publisher = {Morgan Kaufmann}
}

@TechReport{mitchell80,
  author = 	 "T. M. Mitchell",
  title = 	 "The Need for Biases in Learning Generalizations",
  institution =  "Computer Science Department, Rutgers University",
  year = 	 "1980",
  address =	 "New Brunswick, MA",
}

@phdthesis{kearns89,
  author = {M. J. Kearns},
  title =  {Computational Complexity of Machine Learning},
  school = {Department of Computer Science, Harvard University},
  year =   {1989}
}

@Book{MachineLearningI,
  editor = 	 "R. S. Michalski and J. G. Carbonell and T.
		  M. Mitchell",
  title = 	 "Machine Learning: An Artificial Intelligence
		  Approach, Vol. I",
  publisher = 	 "Tioga",
  year = 	 "1983",
  address =	 "Palo Alto, CA"
}

@Book{DudaHart2nd,
  author =       "R. O. Duda and P. E. Hart and D. G. Stork",
  title =        "Pattern Classification",
  publisher =    "John Wiley and Sons",
  edition =      "2nd",
  year =         "2000"
}

@misc{anonymous,
  title= {Suppressed for Anonymity},
  author= {Author, N. N.},
  year= {2011},
}

@InCollection{Newell81,
  author =       "A. Newell and P. S. Rosenbloom",
  title =        "Mechanisms of Skill Acquisition and the Law of
                  Practice",
  booktitle =    "Cognitive Skills and Their Acquisition",
  pages =        "1--51",
  publisher =    "Lawrence Erlbaum Associates, Inc.",
  year =         "1981",
  editor =       "J. R. Anderson",
  chapter =      "1",
  address =      "Hillsdale, NJ"
}


@Article{Samuel59,
  author = 	 "A. L. Samuel",
  title = 	 "Some Studies in Machine Learning Using the Game of
		  Checkers",
  journal =	 "IBM Journal of Research and Development",
  year =	 "1959",
  volume =	 "3",
  number =	 "3",
  pages =	 "211--229"
}


%
%
%
%
%
%@BOOK{Sychev,
%  author = {Сычёв, М. С.},
%  title = {История Астраханвского казачьего войска: учебное пособие},
%  address = {Астрахань},
%  publisher = {Волга},
%  year = {2009},
%  numpages = {231},
%  language = {russian}
%}
%
%@BOOK{Sokolov,
%  author = {Соколов, А. Н. and Сердобинцев, К. С.},
%  editor = {Бочарова, В. М.},
%  address = {Астрахань},
%  publisher = {Калиниградский ЮИ МВД России},
%  title = {Гражданское общество: проблемы формирования и развития (философский и юридический аспекты): монография},
%  year = {2009},
%  numpages = {218},
%  language = {russian}
%}
%
%@BOOK{Gaidaenko,
%  author = {Гайдаенко, Т. А.},
%  title = {Маркетинговое управление: принципы управленческих решений и российская практика},
%  edition = {3-е изд, перераб. и доп.},
%  address = {М.},
%  publisher = {Эксмо: МИРБИС},
%  year = {2008},
%  numpages = {508},
%  language = {russian}
%}
%
%@BOOK{Lermontov,
%  author = {Лермонтов, Михаил Юрьевич},
%  title = {Собрание сочинений: в 4 т.},
%  address = {М.},
%  publisher = {Терра-Кн. клуб},
%  year = {2009},
%  note = {4 т.},
%  language = {russian}
%}
%
%@BOOK{Management,
%  title = {Управление бизнесом: сборник статей},
%  address = {Нижний новгород},
%  publisher = {Изд-во Нижегородского университета},
%  year = {2009},
%  numpages = {243},
%  language = {russian}
%}
%
%@BOOK{Borozda,
%  author = {Борозда, И. В. and Воронин, Н. И. and Бушманов А. В.},
%  title = {Лечение сочетанных повреждений таза},
%  address = {Владивосток},
%  publisher = {Дальнаука},
%  year = {2009},
%  numpages = {195},
%  language = {russian}
%}
%
%@BOOK{Marketing,
%  author = {Михненков, О. В. and Коготкова, И. З. and Генкин, Е. В. and Сороко, Г. Я.},
%  title = {Маркетинговые исследования в строительстве: учебное пособие для студентов специальности «Менеджемент организаций»},
%  address = {М.},
%  publisher = {Государственный университет управления},
%  year = {2005},
%  numpages = {59},
%  language = {russian}
%}
%
%% ГОСТ Р 7.0.11-2011, Приложение Б, Нормативные правовые акты
%@BOOK{Constitution,
%  title = {Конституция Российской Федерации: офиц. текст.},
%  address = {М.},
%  publisher = {Маркетинг},
%  year = {2001},
%  numpages = {39},
%  language = {russian}
%}
%
%@BOOK{FamilyCode,
%  title = {Семейный кодекс Российской Федерации: [федер. закон: принят Гос. Думой 8 дек. 1995~г.: по состоянию на 3~янв. 2001~г.]},
%  address = {СПб.},
%  publisher = {Стаун-кантри},
%  year = {2001},
%  numpages = {94},
%  language = {russian}
%}
%
%% ГОСТ Р 7.0.11-2011, Приложение Б, Стандарты
%@BOOK{Gost.7.0.53,
%  title = {ГОСТ Р 7.0.53-2007 Система стандартов по информации, библиотечному и издательскому делу. Издания. Международный стандартный книжный номер. Использование и издательское оформление.},
%  address = {М.},
%  publisher = {Стандартинформ},
%  year = {2007},
%  numpages = {5},
%  language = {russian}
%}
%
%% ГОСТ Р 7.0.11-2011, Приложение Б, Депонированные научные работы
%@BOOK{Razumovski,
%  author = {Разумовский, В. А. and Андреев, Д. А.},
%  title = {Управление маркетинговыми исследованиями в регионе},
%  address = {М.},
%  year = {2002},
%  numpages = {210},
%  note = {Деп. в ИНИОН Рос. акад. наук 15.02.02, № 139876},
%  language = {russian}
%}
%
%% ГОСТ Р 7.0.11-2011, Приложение Б, Диссертации
%@BOOK{Lagkueva,
%  author = {Лагкуева, Ирина Владимировна},
%  title = {Особенности регулирования труда творческих работников театров: дис. ... канд. юрид. наук: 12.00.05},
%  address = {М.},
%  year = {2009},
%  numpages = {168},
%  language = {russian}
%}
%
%@BOOK{Pokrovski,
%  author = {Покровский, Андрей Владимирович},
%  title = {Устранимые особенности решений эллиптических уравнений: дис. ... д-ра физ.-мат. наук: 01.01.01},
%  address = {М.},
%  year = {2008},
%  numpages = {178},
%  language = {russian}
%}
%
%% ГОСТ Р 7.0.11-2011, Приложение Б, Авторефераты диссертаций
%@BOOK{Sirotko,
%  author = {Сиротко, Владимир Викторович},
%  title = {Медико-социальные аспекты городского травматизма в современных условиях : автореф. дис. ... канд. мед. наук : 14.00.33},
%  address = {М.},
%  year = {2006},
%  numpages = {26},
%  language = {russian}
%}
%
%@BOOK{Lukina,
%  author = {Лукина, Валентина Александровна},
%  title = {Творческая история «Записок охотника» И. С. Тургенева: автореф. дис. ... канд. филол. наук : 10.01.01},
%  address = {СПб.},
%  year = {2006},
%  numpages = {26},
%  language = {russian}
%}
%
%% ГОСТ Р 7.0.11-2011, Приложение Б, Отчёты о научно-исследовательской работе
%@BOOK{Methodology,
%  author = {Загорюев, А. Л.},
%  title = {Методология и методы изучения военно-профессиональной направленности подростков: отчёт о НИР},
%  address = {Екатеринбург},
%  institution = {Уральский институт практической психологии},
%  year = {2008},
%  numpages = {102},
%  language = {russian}
%}
%
%% ГОСТ Р 7.0.11-2011, Приложение Б, Электронные ресурсы
%@BOOK{Encyclopedia,
%  title = {Художественная энциклопедия зарубежного классического искусства [Электронный ресурс]},
%  address = {М.},
%  publisher = {Большая Рос. энкцикл.},
%  year = {1996},
%  note = {1 электрон. опт. диск (CD-ROM)},
%  language = {russian}
%}
%
%@ARTICLE{Nasirova,
%  author = {Насырова, Г. А.},
%  title = {Модели государственного регулирования страховой деятельности [Электронный ресурс]},
%  journal = {Вестник Финансовой академии},
%  year = {2003},
%  number = {4},
%  note = {Режим доступа: http://vestnik.fa.ru/4(28)2003/4.html},
%  language = {russian}
%}
%
%% ГОСТ Р 7.0.11-2011, Приложение Б, Статьи
%
%@ARTICLE{Berestova,
%  author = {Берестова, Т. Ф.},
%  title = {Поисковые инструмены библиотеки},
%  journal = {Библиография},
%  year = {2006},
%  number = {4},
%  pages = {19},
%  language = {russian}
%}
%
%@ARTICLE{Kriger,
%  author = {Кригер, И.},
%  title =  {Бумага терпит},
%  journal = {Новая газета},
%  year = {2009},
%  note = {1 июля},
%  language = {russian}
%}
%
%
%% Examples from https://verbosus.com/bibtex-style-examples.html
%@ARTICLE{Article,
%  author   = {Peter Adams},
%  title    = {The title of the work},
%  journal  = {The name of the journal},
%  year     = {1993},
%  number   = {2},
%  pages    = {201-213},
%  month    = {7},
%  note     = {An optional note},
%  volume   = {4},
%  language = {english}
%}
%
%@BOOK{Book,
%  author    = {Peter Babington}, 
%  title     = {The title of the work},
%  publisher = {The name of the publisher},
%  year      = {1993},
%  volume    = {4},
%  series    = {10},
%  address   = {The address},
%  edition   = {3},
%  month     = {7},
%  note      = {An optional note},
%  isbn      = {3257227892},
%  language  = {english}
%}
%
%@BOOKLET{Booklet,
%  title        = {The title of the work},
%  author       = {Peter Caxton}, 
%  howpublished = {How it was published},
%  address      = {The address of the publisher},
%  month        = {7},
%  year         = {1993},
%  note         = {An optional note},
%  language     = {english}
%}
%
%@CONFERENCE{Conference,
%  author       = {Peter Draper}, 
%  title        = {The title of the work},
%  booktitle    = {The title of the book},
%  year         = {1993},
%  editor       = {The editor},
%  volume       = {4},
%  series       = {5},
%  pages        = {213},
%  address      = {The address of the publisher},
%  month        = {7},
%  organization = {The organization},
%  publisher    = {The publisher},
%  note         = {An optional note},
%  language     = {english}
%}
%
%@INBOOK{Inbook,
%  author       = {Peter Eston},
%  title        = {The title of the work},
%  booktitle    = {Book title},
%  chapter      = {8},
%  pages        = {201-213},
%  publisher    = {The name of the publisher},
%  year         = {1993},
%  volume       = {4},
%  series       = {5},
%  address      = {The address of the publisher},
%  edition      = {3},
%  month        = {7},
%  note         = {An optional note},
%  language     = {english}
%}
%
%@INCOLLECTION{Incollection,
%  author       = {Peter Farindon},
%  title        = {The title of the work},
%  booktitle    = {The title of the book},
%  publisher    = {The name of the publisher},
%  year         = {1993},
%  editor       = {The editor},
%  volume       = {4},
%  series       = {5},
%  chapter      = {8},
%  pages        = {201-213},
%  address      = {The address of the publisher},
%  edition      = {3},
%  month        = {7},
%  note         = {An optional note},
%  language     = {english}
%}
%
%@MANUAL{Manual,
%  title        = {The title of the work},
%  author       = {Peter Gainsford}, 
%  organization = {The organization},
%  address      = {The address of the publisher},
%  edition      = {3},
%  month        = {7},
%  year         = {1993},
%  note         = {An optional note},
%  language     = {english}
%}
%
%@MASTERSTHESIS{Mastersthesis,
%  author       = {Peter Harwood},
%  title        = {The title of the work},
%  school       = {The school where the thesis was written},
%  year         = {1993},
%  address      = {The address of the publisher},
%  month        = {7},
%  note         = {An optional note},
%  language     = {english}
%}
%
%@MISC{Misc,
%  author       = {Peter Isley},
%  title        = {The title of the work},
%  howpublished = {How it was published},
%  month        = {7},
%  year         = {1993},
%  note         = {An optional note},
%  language     = {english}
%}
%
%@PHDTHESIS{Phdthesis,
%  author       = {Peter Joslin}, 
%  title        = {The title of the work},
%  school       = {The school where the thesis was written},
%  year         = {1993},
%  address      = {The address of the publisher},
%  month        = {7},
%  note         = {An optional note},
%  language     = {english}
%}
%
%@PROCEEDINGS{Proceedings,
%  title        = {The title of the work},
%  year         = {1993},
%  editor       = {Peter Kidwelly},
%  volume       = {4},
%  series       = {5},
%  address      = {The address of the publisher},
%  month        = {7},
%  organization = {The organization},
%  publisher    = {The name of the publisher},
%  note         = {An optional note},
%  language     = {english}
%}
%
%@TECHREPORT{Techreport,
%  author       = {Peter Lambert},
%  title        = {The title of the work},
%  institution  = {The institution that published},
%  year         = {1993},
%  number       = {2},
%  address      = {The address of the publisher},
%  month        = {7},
%  note         = {An optional note},
%  language     = {english}
%}
%
%@UNPUBLISHED{Unpublished,
%  author       = {Peter Marcheford}, 
%  title        = {The title of the work},
%  note         = {An optional note},
%  month        = {7},
%  year         = {1993},
%  language     = {english}
%}
%
%%%% Реальные примеры
%
%% Инициалы должны быть записаны после запятой, с точками, через пробел
%% http://www.kit-e.ru/articles/elcomp/2006_12_124.php
%% Подчёркивания в ссылке приходится экранировать
%% http://www.kit-e.ru/articles/elcomp/2006\_12\_124.php
%@online{medvedev2006jelektronnye,
%  title={Электронные компоненты и монтажные подложки},
%  author={Медведев, А. М.},
%  journal={Компоненты и технологии},
%  number={12},
%  pages={124--134},
%  year={2006},
%  medium={Электронный ресурс},
%  url = {http://www.kit-e.ru/articles/elcomp/2006\_12\_124.php},
%  urldate = {19.01.2015},
%  language = {russian}
%}
%
%% Real example
%% & в названии журнала надо экранировать
%% 10.1002/1521-4125(200007)23:7<581::AID-CEAT581>3.0.CO;2-P
%% < > в ссылке приходится экранировать %3C и %3E, а потом ещё знаки процента в них экранировать
%% 10.1002/1521-4125(200007)23:7%3C581::AID-CEAT581%3E3.0.CO;2-P
%% 10.1002/1521-4125(200007)23:7\%3C581::AID-CEAT581\%3E3.0.CO;2-P
%% url не нужен. если запись о бумажной публикации
%@article {CEAT:CEAT581,
%  author = {Deiters, U. K.},
%  title = {A Modular Program System for the Calculation of Thermodynamic Properties of Fluids},
%  journal = {Chemical Engineering \& Technology},
%  volume = {23},
%  number = {7},
%  publisher = {WILEY-VCH Verlag},
%  issn = {1521-4125},
%  doi = {10.1002/1521-4125(200007)23:7\%3C581::AID-CEAT581\%3E3.0.CO;2-P},
%  pages = {581--584},
%  year = {2000},
%  language = {english}
%}
%
%% Real with  4 authors
%@article{doi:10.1080/01932691.2010.513279,
%  author = { {\relax Y}oung-{\relax S}ang   Cho  and  {\relax Y}oung   {\relax K}uk   Kim  and  {\relax K}ook   {\relax C}hae   Chung  and  {\relax C}hul   {\relax J}in   Choi },
%  title = {Deformation of Colloidal Crystals for Photonic Band Gap Tuning},
%  journal = {Journal of Dispersion Science and Technology},
%  volume = {32},
%  number = {10},
%  pages = {1408-1415},
%  year = {2011},
%  doi = {10.1080/01932691.2010.513279},
%  language = {english}
%}
%
%% doi with (), author with umlaut or other unicode or specific symbols, 9 authors
%% latex don't like Gösele1999161 in ref
%% Умляуты в авторах понимаются из-за поддержки в юникодной странице pdflatex и xelatex
%% Иллюстрация того, что будет. если на английской записи будут поставлена пометка, что язык русский
%@article{Gosele1999161,
%  title = "Wafer bonding for microsystems technologies ",
%  journal = "Sensors and Actuators A: Physical ",
%  volume = "74",
%  number = "1–3",
%  pages = "161 - 168",
%  year = "1999",
%  issn = "0924-4247",
%  doi = "10.1016/S0924-4247(98)00310-0",
%  author = "Gösele, U. and Tong, Q.-Y. and Schumacher, A. and Kräuter, G. and Reiche, M. and Plößl, A. and Kopperschmidt, P. and Lee, T.-H. and Kim, W.-J.",
%  keywords = "Wafer bonding",
%  keywords = "Fusion bonding",
%  keywords = "Pressure sensors",
%  keywords = "Interface reactions",
%  keywords = "Hydrophilic bonding",
%  keywords = "Hydrophobic bonding",
%  language = {russian}
%}
%
%% Real example (from Google or Springer)
%% unmodified styles don't know %language = {English}
%% язык писать с маленьких
%% иллюстрация incollection
%% 10.1007/0-387-32989-7_45
%% Подчёркивания в DOI приходится экранировать
%% 10.1007/0-387-32989-7\_45
%@incollection{Li2007StressAnalysis,
%  year={2007},
%  isbn={978-0-387-27974-9},
%  booktitle={Micro- and Opto-Electronic Materials and Structures: Physics, Mechanics, Design, Reliability, Packaging},
%  editor={Suhir, E. and Lee, Y. C. and Wong, C. P.},
%  doi={10.1007/0-387-32989-7\_45},
%  title={Stress Analysis for Processed Silicon Wafers and Packaged Micro-devices},
%  publisher={Springer US},
%  author={Li, {\relax L}i and Guo, {\relax Y}ifan and Zheng, {\relax D}awei},
%  pages={B677-B709},
%  language={english}
%}
%
%% Real, β sign 
%% inputenc don't know β sign %aluminosilicate-β-quartz
%% Знаки типа β, которые не знает таблица кодировки, с которой работает компилятор нужно заменять на latex команды
%% doi должен быть без http://dx.doi.org/
%@article{Shoji199895,
%title = "Low-temperature anodic bonding using lithium aluminosilicate-$\beta$-quartz glass ceramic",
%journal = "Sensors and Actuators A: Physical",
%volume = "64",
%number = "1",
%pages = "95 - 100",
%year = "1998",
%note = "Tenth \{IEEE\} International Workshop on Micro Electro Mechanical Systems ",
%issn = "0924-4247",
%doi = "10.1016/S0924-4247(97)01659-2",
%author = {{\relax S}huichi Shoji and {\relax H}iroto Kikuchi and {\relax H}irotaka Torigoe},
%keywords = "Anodic bonding",
%keywords = "Low-temperature bonding",
%keywords = "Micro assembly",
%keywords = "Micro package",
%keywords = "Glass ceramic",
%}
%
%
%% from urlbst package
%% Example from Jason Eisner, by mail (nothing special about the entry,
%% but he seemed to be having formatting problems with unsrturl and proceedings
%% entries.
%% http://cs.jhu.edu/~jason/papers/#icassp07
%@InProceedings{test:eisner-sample,
%  author =       {Damianos Karakos and Sanjeev Khudanpur and Jason
%                  Eisner and Carey~E. Priebe},
%  title =        {Iterative denoising using {J}ensen-{R}enyi
%                  divergences with an application to unsupervised
%                  document categorization},
%  booktitle =    {Proceedings of ICASSP},
%  year =         2007,
%  url =          {http://cs.jhu.edu/~jason/papers/\#icassp07}
%}
%
%% Попытка записать патент имеющимися средствами
%@Book{iofis_patent1960,
%  title                    = {Способ пайки керамики с~керамикой и~стекла с~металлом: а.\,с.~126728 СССР},
%  author                   = {Иофис, Н. А.},
%  year                     = {1960},
%  numpages                 = {Бюл. № 5.~1},
%  language                 = {russian}
%}
%
%% Попытка записать патент имеющимися средствами
%@Book{AB_patent_Pomerantz_1968,
%  title                    = {Anodic bonding: patent no. 3397278 US},
%  author                   = {Pomerantz, D. I.},
%  year                     = {1968},
%  language                 = {english}
%}

